@article{turing-machines,
  author  = {Alan Mathison Turing}, 
  title   = {On computable numbers, with an application to the Entscheidungsproblem},
  journal = {Proceedings of the London Mathematical Society},
  year    = 1937,
  series  = 2,
  volume  = 42
}

@book{janlert2000,
  title     = {Datatyper och algoritmer},
  author    = {Janlert, L.E. and Wiberg, T.},
  isbn      = 9789144303017,
  year      = 2000,
  publisher = {Studentlitteratur}
}

@Manual{rlanguage,
    title = {R: A Language and Environment for Statistical Computing},
    author = {{R Core Team}},
    organization = {R Foundation for Statistical Computing},
    address = {Vienna, Austria},
    year = {2015},
    url = {https://www.R-project.org/},
}